<record><leader>00000cas a2200000 a 4500</leader><controlfield tag="001">55693458</controlfield><controlfield tag="008">040622u1936uuuunyuuu ne      0    0eng d</controlfield><datafield ind1=" " ind2=" " tag="010"><subfield code="a">sn2004060415</subfield></datafield><datafield ind1=" " ind2=" " tag="040"><subfield code="a">NYS</subfield><subfield code="b">eng</subfield><subfield code="c">NYS</subfield><subfield code="d">OCLCQ</subfield></datafield><datafield ind1=" " ind2=" " tag="043"><subfield code="a">n-us-ny</subfield></datafield><datafield ind1="0" ind2=" " tag="130"><subfield code="a">College Point News (College Point, N.Y. : 1936)</subfield></datafield><datafield ind1="1" ind2="0" tag="245"><subfield code="a">College Point news.</subfield></datafield><datafield ind1=" " ind2=" " tag="260"><subfield code="a">Whitestone, N.Y. :</subfield><subfield code="b">Chapman Pub.,</subfield><subfield code="c">1937-</subfield></datafield><datafield ind1=" " ind2=" " tag="300"><subfield code="a">v. :</subfield><subfield code="b">ill. ;</subfield><subfield code="c">42 cm.</subfield></datafield><datafield ind1="1" ind2=" " tag="362"><subfield code="a">Began in 1936?</subfield></datafield><datafield ind1=" " ind2=" " tag="588"><subfield code="a">Description based on: Vol. 1, no. 32 (Apr. 8, 1937).</subfield></datafield><datafield ind1=" " ind2=" " tag="588"><subfield code="a">Latest issue consulted: Vol. 12, no. 23 (Jun. 1, 1948).</subfield></datafield><datafield ind1=" " ind2="0" tag="651"><subfield code="a">Queens (New York, N.Y.)</subfield><subfield code="v">Newspapers.</subfield></datafield><datafield ind1=" " ind2="0" tag="651"><subfield code="a">Queens County (N.Y.)</subfield><subfield code="v">Newspapers.</subfield></datafield><datafield ind1=" " ind2="0" tag="651"><subfield code="a">College Point (New York, N.Y.)</subfield><subfield code="v">Newspapers.</subfield></datafield><datafield ind1=" " ind2="0" tag="651"><subfield code="a">Flushing (New York, N.Y.)</subfield><subfield code="v">Newspapers.</subfield></datafield><datafield ind1=" " ind2="0" tag="651"><subfield code="a">New York (N.Y.)</subfield><subfield code="v">Newspapers.</subfield></datafield><datafield ind1=" " ind2=" " tag="752"><subfield code="a">United States</subfield><subfield code="b">New York</subfield><subfield code="c">Queens</subfield><subfield code="d">Whitestone (New York, N.Y.)</subfield></datafield><datafield ind1=" " ind2=" " tag="752"><subfield code="a">United States</subfield><subfield code="b">New York</subfield><subfield code="d">New York.</subfield></datafield><datafield ind1="0" ind2="7" tag="780"><subfield code="t">Whitestone herald, College Point news</subfield><subfield code="w">(DLC)sn 89071285</subfield><subfield code="w">(OCoLC)19903704</subfield></datafield><datafield ind1="0" ind2="7" tag="785"><subfield code="a">T Whitestone herald</subfield><subfield code="w">(DLC)sn 89071286</subfield><subfield code="w">(OCoLC)19903830</subfield></datafield><datafield ind1="0" ind2="7" tag="785"><subfield code="t">College Point news and Whitestone herald</subfield><subfield code="w">(DLC)   89071287</subfield><subfield code="w">(OCoLC)19903979</subfield></datafield></record>